<?xml version="1.0" encoding="UTF-8"?><collection xmlns="http://www.loc.gov/MARC21/slim"><record><leader>00607nam--2200193-i-4500</leader><controlfield tag="001">000015501</controlfield><controlfield tag="002">20161230</controlfield><controlfield tag="005">20161230201031</controlfield><controlfield tag="008">060222s1000------------r-----000-0-rus-d</controlfield><datafield ind1=" " ind2=" " tag="040"><subfield code="a">IFIN-HH</subfield></datafield><datafield ind1=" " ind2=" " tag="041"><subfield code="a">rus</subfield></datafield><datafield ind1=" " ind2=" " tag="080"><subfield code="a">539.1</subfield></datafield><datafield ind1="1" ind2=" " tag="100"><subfield code="a">Feinberg, Gerald</subfield></datafield><datafield ind1="1" ind2="0" tag="245"><subfield code="a">Iz cego sdelan mir?</subfield><subfield code="b">Atomi, leptoni, kvarki i drugie zagadocinie ceastiti</subfield><subfield code="c">Gerald feinberg</subfield></datafield><datafield ind1=" " ind2=" " tag="260"><subfield code="a">Moskva</subfield><subfield code="b">Mir</subfield><subfield code="c">1981</subfield></datafield><datafield ind1=" " ind2=" " tag="300"><subfield code="a">339P</subfield></datafield><datafield ind1=" " ind2=" " tag="500"><subfield code="a">Titlul Original In Limba Engleza: What Is The World Made Of? Atoms, Leptons, Quarks And Other Tantalizing Particles</subfield></datafield><datafield ind1=" " ind2=" " tag="852"><subfield code="a">75249</subfield><subfield code="c">539</subfield></datafield><datafield ind1=" " ind2=" " tag="CAT"><subfield code="a">Sys</subfield><subfield code="c">20111013</subfield><subfield code="h">151409</subfield></datafield></record></collection>